@article{singleCPB,
    author="Y. Nakamura and Yu. A. Pashkin and J. S. Tsai",
    title={Coherent control of macroscopic quantum states in a single-Cooper-pair box},
    journal={Nature},
    volume={398},
    year = 1999
}

@article{singleCooperPair,
  author={V. Bouchiat and D. Vion and P. Joyez and D. Esteve and M. H. Devoret},
  title={Quantum coherence with a single Cooper pair},
  journal={Physica Scripta},
  volume={1998},
  number={T76},
  pages={165},
  url={http://stacks.iop.org/1402-4896/1998/i=T76/a=024},
  year={1998}
}

@article{reviewPaper,
  author={Y. Makhlin and G. Sch{\"o}n and A. Shnirman},
  title={Quantum-state engineering with Josephson-junction devices},
  journal={Reviews of Modern Physics},
  volume={73},
  number={357},
  year={2001}
}

@article{twoPulseGates,
    author="T. Yamamoto and Yu. A. Pashkin and O. Astafiev and Y. Nakamura and J. S. Tsai",
    title={Demonstration of conditional gate operation using superconducting charge qubits},
    journal={Nature},
    volume={425},
    year = 2003
}

@article{onePulseGateNature,
    author="Yu. A. Pashkin and T. Yamamoto and O. Astafiev and Y. Nakamura and D. V. Averin and J. S. Tsai",
    title={Quantum oscillations in two coupled charge qubits},
    journal={Nature},
    volume={421},
    year = 2003
}

@article{onePulseGatePhysica,
    author="Yu. A. Pashkin and T. Yamamoto and O. Astafiev and Y. Nakamura and D. V. Averin and T. Tilma and F. Nori and J. S. Tsai",
    title={Coherent manipulation of coupled Josephson charge qubits},
    journal={Physica C},
    volume={426â€“431},
    year = 2005
}
